@article{takahashi2013translation,
  title={Ivestiga\c{c}\~ao da Qualidade do Furo Gerado na Fura\c{c}\~ao de Chapa de a\c{c}o Inoxid\'avel},
  author={Andressa caroline da Silva and Fábio Telles and Alexandre José Baumgaertner Filho and André João de Souza},
  journal={9º Congresso Brasileiro de Engenharia de Fabricação},
  year={2017},
  publisher={ACS Publications}
}