@article{takahashi2013translation,
  title={Metodologia de Pesquisa para Ciência da Computação},
  author={Raul Sidnei Wazlawick},
  year={3a edição, 2020},
  publisher={LTC}
}
